@article {MR562002,
    AUTHOR = {Neumann, Peter M.},
     TITLE = {A lemma that is not {B}urnside's},
   JOURNAL = {Math. Sci.},
  FJOURNAL = {The Mathematical Scientist},
    VOLUME = {4},
      YEAR = {1979},
    NUMBER = {2},
     PAGES = {133--141},
      ISSN = {0312-3685},
   MRCLASS = {01A55 (20B05)},
  MRNUMBER = {562002},
MRREVIEWER = {Ascher Wagner},
}

@Article{zbMATH01077111,
 Author = {Bosma, Wieb and Cannon, John and Playoust, Catherine},
 Title = {The {Magma} algebra system. {I}: {The} user language},
 FJournal = {Journal of Symbolic Computation},
 Journal = {J. Symb. Comput.},
 ISSN = {0747-7171},
 Volume = {24},
 Number = {3-4},
 Pages = {235--265},
 Year = {1997},
 Language = {English},
 DOI = {10.1006/jsco.1996.0125},
 Keywords = {68W30},
 URL = {semanticscholar.org/paper/b7ebcec93f35e52ef14a41c9c9d55fa132987473},
 zbMATH = {1077111},
 Zbl = {0898.68039}
}

@book{zbMATH00824935,
 author = {Robinson, Derek J. S.},
 title = {A course in the theory of groups.},
 edition = {2nd ed.},
 fseries = {Graduate Texts in Mathematics},
 series = {Grad. Texts Math.},
 issn = {0072-5285},
 volume = {80},
 isbn = {0-387-94461-3},
 year = {1995},
 publisher = {New York, NY: Springer-Verlag},
 language = {English},
 keywords = {20-01,20Exx,20Fxx},
 zbMATH = {824935},
 Zbl = {0836.20001}
}

@book{zbMATH00706263,
 author = {Rotman, Joseph J.},
 title = {An introduction to the theory of groups.},
 edition = {4th ed.},
 fseries = {Graduate Texts in Mathematics},
 series = {Grad. Texts Math.},
 issn = {0072-5285},
 volume = {148},
 isbn = {0-387-94285-8},
 year = {1995},
 publisher = {New York, NY: Springer-Verlag},
 language = {English},
 keywords = {20-01},
 zbMATH = {706263},
 Zbl = {0810.20001}
}

@article {MR0994774,
    AUTHOR = {Chermak, Andrew and Delgado, Alberto},
     TITLE = {A measuring argument for finite groups},
   JOURNAL = {Proc. Amer. Math. Soc.},
  FJOURNAL = {Proceedings of the American Mathematical Society},
    VOLUME = {107},
      YEAR = {1989},
    NUMBER = {4},
     PAGES = {907--914},
      ISSN = {0002-9939,1088-6826},
   MRCLASS = {20B05},
  MRNUMBER = {994774},
MRREVIEWER = {W.\ E.\ Deskins},
       DOI = {10.2307/2047648},
       URL = {https://doi.org/10.2307/2047648},
}

@article {MR214674,
    AUTHOR = {Alperin, J. L. and Kuo, Tzee-nan},
     TITLE = {The exponent and the projective representations of a finite
              group},
   JOURNAL = {Illinois J. Math.},
  FJOURNAL = {Illinois Journal of Mathematics},
    VOLUME = {11},
      YEAR = {1967},
     PAGES = {410--413},
      ISSN = {0019-2082},
   MRCLASS = {20.80},
  MRNUMBER = {214674},
MRREVIEWER = {W. F. Reynolds},
       URL = {http://projecteuclid.org/euclid.ijm/1256054561},
}

@article {MR33330,
    AUTHOR = {Halmos, Paul R. and Vaughan, Herbert E.},
     TITLE = {The marriage problem},
   JOURNAL = {Amer. J. Math.},
  FJOURNAL = {American Journal of Mathematics},
    VOLUME = {72},
      YEAR = {1950},
     PAGES = {214--215},
      ISSN = {0002-9327},
   MRCLASS = {27.2X},
  MRNUMBER = {33330},
MRREVIEWER = {J. Dieudonn\'{e}},
       DOI = {10.2307/2372148},
       URL = {https://doi.org/10.2307/2372148},
}

@article {MR294497,
    AUTHOR = {Cooper, C. D. H.},
     TITLE = {Subgroups of a supersoluble group},
   JOURNAL = {Amer. Math. Monthly},
  FJOURNAL = {American Mathematical Monthly},
    VOLUME = {78},
      YEAR = {1971},
     PAGES = {1007},
      ISSN = {0002-9890},
   MRCLASS = {20D10},
  MRNUMBER = {294497},
MRREVIEWER = {W. E. Deskins},
       DOI = {10.2307/2317814},
       URL = {https://doi.org/10.2307/2317814},
}

@book {MR414669,
    AUTHOR = {Hall, Jr., Marshall},
     TITLE = {The theory of groups},
      NOTE = {Reprinting of the 1968 edition},
 PUBLISHER = {Chelsea Publishing Co., New York},
      YEAR = {1976},
     PAGES = {xiii+434},
   MRCLASS = {20-02},
  MRNUMBER = {414669},
}

@article {MR61597,
    AUTHOR = {It\^{o}, Noboru},
     TITLE = {On finite groups with given conjugate types. {I}},
   JOURNAL = {Nagoya Math. J.},
  FJOURNAL = {Nagoya Mathematical Journal},
    VOLUME = {6},
      YEAR = {1953},
     PAGES = {17--28},
      ISSN = {0027-7630},
   MRCLASS = {20.0X},
  MRNUMBER = {61597},
MRREVIEWER = {T. Szele},
       URL = {http://projecteuclid.org/euclid.nmj/1118799473},
}

@article {MR2356523,
    AUTHOR = {Vdovin, E. P.},
     TITLE = {Carter subgroups in finite almost simple groups},
   JOURNAL = {Algebra Logika},
  FJOURNAL = {Algebra i Logika. Institut Diskretno\u{\i} Matematiki i
              Informatiki},
    VOLUME = {46},
      YEAR = {2007},
    NUMBER = {2},
     PAGES = {157--216},
      ISSN = {0373-9252},
   MRCLASS = {20D25 (20D05)},
  MRNUMBER = {2356523},
MRREVIEWER = {A.\ S.\ Kondrat\cprime ev},
       DOI = {10.1007/s10469-007-0010-6},
       URL = {https://doi.org/10.1007/s10469-007-0010-6},
}

@article {MR0123603,
    AUTHOR = {Carter, Roger W.},
     TITLE = {Nilpotent self-normalizing subgroups of soluble groups},
   JOURNAL = {Math. Z.},
  FJOURNAL = {Mathematische Zeitschrift},
    VOLUME = {75},
      YEAR = {1960/61},
     PAGES = {136--139},
      ISSN = {0025-5874,1432-1823},
   MRCLASS = {20.40},
  MRNUMBER = {123603},
MRREVIEWER = {B.\ Chang},
       DOI = {10.1007/BF01211016},
       URL = {https://doi.org/10.1007/BF01211016},
}

@incollection {MR0096696,
    AUTHOR = {Kaplansky, Irving},
     TITLE = {Problems in the theory of rings},
 BOOKTITLE = {Report of a conference on linear algebras, {J}une, 1956},
     PAGES = {1-3},
      NOTE = {Publ. 502},
 PUBLISHER = {Nat. Acad. Sci., Washington, DC},
      YEAR = {1957},
   MRCLASS = {16.00},
  MRNUMBER = {96696},
MRREVIEWER = {I.\ N.\ Herstein},
}

@incollection {MR988177,
    AUTHOR = {Sysak, Ya. P.},
     TITLE = {Products of almost abelian groups},
 BOOKTITLE = {Investigations of groups with restrictions for subgroups
              ({R}ussian)},
     PAGES = {81--85, iii},
 PUBLISHER = {Akad. Nauk Ukrain. SSR, Inst. Mat., Kiev},
      YEAR = {1988},
   MRCLASS = {20G15},
  MRNUMBER = {988177},
}

@article {MR169921,
    AUTHOR = {Sims, Charles C.},
     TITLE = {Enumerating {$p$}-groups},
   JOURNAL = {Proc. London Math. Soc. (3)},
  FJOURNAL = {Proceedings of the London Mathematical Society. Third Series},
    VOLUME = {15},
      YEAR = {1965},
     PAGES = {151--166},
      ISSN = {0024-6115},
   MRCLASS = {20.40},
  MRNUMBER = {169921},
MRREVIEWER = {G. Zappa},
       DOI = {10.1112/plms/s3-15.1.151},
       URL = {https://doi.org/10.1112/plms/s3-15.1.151},
}

@article {MR1786236,
    AUTHOR = {Pakianathan, Jonathan and Shankar, Krishnan},
     TITLE = {Nilpotent numbers},
   JOURNAL = {Amer. Math. Monthly},
  FJOURNAL = {American Mathematical Monthly},
    VOLUME = {107},
      YEAR = {2000},
    NUMBER = {7},
     PAGES = {631--634},
      ISSN = {0002-9890},
   MRCLASS = {20D60 (11A07 20D15)},
  MRNUMBER = {1786236},
MRREVIEWER = {Dieter Jungnickel},
       DOI = {10.2307/2589118},
       URL = {https://doi.org/10.2307/2589118},
}

@article {MR1935567,
    AUTHOR = {Besche, Hans Ulrich and Eick, Bettina and O'Brien, E. A.},
     TITLE = {A millennium project: constructing small groups},
   JOURNAL = {Internat. J. Algebra Comput.},
  FJOURNAL = {International Journal of Algebra and Computation},
    VOLUME = {12},
      YEAR = {2002},
    NUMBER = {5},
     PAGES = {623--644},
      ISSN = {0218-1967},
   MRCLASS = {20D99},
  MRNUMBER = {1935567},
MRREVIEWER = {Robert M. Guralnick},
       DOI = {10.1142/S0218196702001115},
       URL = {https://doi.org/10.1142/S0218196702001115},
}

@article {MR1826989,
    AUTHOR = {Besche, Hans Ulrich and Eick, Bettina and O'Brien, E. A.},
     TITLE = {The groups of order at most 2000},
   JOURNAL = {Electron. Res. Announc. Amer. Math. Soc.},
  FJOURNAL = {Electronic Research Announcements of the American Mathematical
              Society},
    VOLUME = {7},
      YEAR = {2001},
     PAGES = {1--4},
      ISSN = {1079-6762},
   MRCLASS = {20D60},
  MRNUMBER = {1826989},
       DOI = {10.1090/S1079-6762-01-00087-7},
       URL = {https://doi.org/10.1090/S1079-6762-01-00087-7},
}

@book {MR2382539,
    AUTHOR = {Blackburn, Simon R. and Neumann, Peter M. and Venkataraman,
              Geetha},
     TITLE = {Enumeration of finite groups},
    SERIES = {Cambridge Tracts in Mathematics},
    VOLUME = {173},
 PUBLISHER = {Cambridge University Press, Cambridge},
      YEAR = {2007},
     PAGES = {xii+281},
      ISBN = {978-0-521-88217-0},
   MRCLASS = {20D60 (11N45 20-02 20D10 20D15 20E10 20F69)},
  MRNUMBER = {2382539},
MRREVIEWER = {Benjamin Klopsch},
       DOI = {10.1017/CBO9780511542756},
       URL = {https://doi.org/10.1017/CBO9780511542756},
}

@article {MR2921623,
    AUTHOR = {du Sautoy, Marcus and Vaughan-Lee, Michael},
     TITLE = {Non-{PORC} behaviour of a class of descendant {$p$}-groups},
   JOURNAL = {J. Algebra},
  FJOURNAL = {Journal of Algebra},
    VOLUME = {361},
      YEAR = {2012},
     PAGES = {287--312},
      ISSN = {0021-8693},
   MRCLASS = {20D15 (11G20)},
  MRNUMBER = {2921623},
MRREVIEWER = {Andrea Previtali},
       DOI = {10.1016/j.jalgebra.2012.03.038},
       URL = {https://doi.org/10.1016/j.jalgebra.2012.03.038},
}

@article {MR36755,
    AUTHOR = {Hirsch, K. A.},
     TITLE = {On a theorem of {B}urnside},
   JOURNAL = {Quart. J. Math. Oxford Ser. (2)},
  FJOURNAL = {The Quarterly Journal of Mathematics. Oxford. Second Series},
    VOLUME = {1},
      YEAR = {1950},
     PAGES = {97--99},
      ISSN = {0033-5606},
   MRCLASS = {20.0X},
  MRNUMBER = {36755},
MRREVIEWER = {R. C. Lyndon},
       DOI = {10.1093/qmath/1.1.97},
       URL = {https://doi.org/10.1093/qmath/1.1.97},
}
@article {MR123605,
    AUTHOR = {Higman, Graham},
     TITLE = {Enumerating {$p$}-groups. {II}. {P}roblems whose solution is
              {PORC}},
   JOURNAL = {Proc. London Math. Soc. (3)},
  FJOURNAL = {Proceedings of the London Mathematical Society. Third Series},
    VOLUME = {10},
      YEAR = {1960},
     PAGES = {566--582},
      ISSN = {0024-6115},
   MRCLASS = {20.50},
  MRNUMBER = {123605},
MRREVIEWER = {H. A. Thurston},
       DOI = {10.1112/plms/s3-10.1.566},
       URL = {https://doi.org/10.1112/plms/s3-10.1.566},
}

@book {MR600654,
    AUTHOR = {Hungerford, Thomas W.},
     TITLE = {Algebra},
    SERIES = {Graduate Texts in Mathematics},
    VOLUME = {73},
      NOTE = {Reprint of the 1974 original},
 PUBLISHER = {Springer-Verlag, New York-Berlin},
      YEAR = {1980},
     PAGES = {xxiii+502},
      ISBN = {0-387-90518-9},
   MRCLASS = {00A05 (15-01 16-01)},
  MRNUMBER = {600654},
}@article {MR113948,
    AUTHOR = {Higman, Graham},
     TITLE = {Enumerating {$p$}-groups. {I}. {I}nequalities},
   JOURNAL = {Proc. London Math. Soc. (3)},
  FJOURNAL = {Proceedings of the London Mathematical Society. Third Series},
    VOLUME = {10},
      YEAR = {1960},
     PAGES = {24--30},
      ISSN = {0024-6115},
   MRCLASS = {20.00},
  MRNUMBER = {113948},
MRREVIEWER = {H. A. Thurston},
       DOI = {10.1112/plms/s3-10.1.24},
       URL = {https://doi.org/10.1112/plms/s3-10.1.24},
}


@article {MR1200081,
    AUTHOR = {Pyber, L.},
     TITLE = {Enumerating finite groups of given order},
   JOURNAL = {Ann. of Math. (2)},
  FJOURNAL = {Annals of Mathematics. Second Series},
    VOLUME = {137},
      YEAR = {1993},
    NUMBER = {1},
     PAGES = {203--220},
      ISSN = {0003-486X},
   MRCLASS = {11N45 (20D60)},
  MRNUMBER = {1200081},
MRREVIEWER = {Robert M. Guralnick},
       DOI = {10.2307/2946623},
       URL = {https://doi.org/10.2307/2946623},
}

@article {MR2410121,
    AUTHOR = {Conway, John H. and Dietrich, Heiko and O'Brien, E. A.},
     TITLE = {Counting groups: gnus, moas, and other exotica},
   JOURNAL = {Math. Intelligencer},
  FJOURNAL = {The Mathematical Intelligencer},
    VOLUME = {30},
      YEAR = {2008},
    NUMBER = {2},
     PAGES = {6--18},
      ISSN = {0343-6993},
   MRCLASS = {05A15 (20D60)},
  MRNUMBER = {2410121},
       DOI = {10.1007/BF02985731},
       URL = {https://doi.org/10.1007/BF02985731},
}

@article {MR3289286,
    AUTHOR = {Malle, Gunter},
     TITLE = {The proof of {O}re's conjecture (after {E}llers-{G}ordeev and
              {L}iebeck-{O}'{B}rien-{S}halev-{T}iep)},
   JOURNAL = {Ast\'{e}risque},
  FJOURNAL = {Ast\'{e}risque},
    NUMBER = {361},
      YEAR = {2014},
     PAGES = {Exp. No. 1069, ix, 325--348},
      ISSN = {0303-1179},
      ISBN = {978-285629-785-8},
   MRCLASS = {20D05 (20F12)},
  MRNUMBER = {3289286},
MRREVIEWER = {Ronald Solomon},
}

@article {MR2654085,
    AUTHOR = {Liebeck, Martin W. and O'Brien, E. A. and Shalev, Aner and
              Tiep, Pham Huu},
     TITLE = {The {O}re conjecture},
   JOURNAL = {J. Eur. Math. Soc. (JEMS)},
  FJOURNAL = {Journal of the European Mathematical Society (JEMS)},
    VOLUME = {12},
      YEAR = {2010},
    NUMBER = {4},
     PAGES = {939--1008},
      ISSN = {1435-9855},
   MRCLASS = {20D05 (20C15 20D06)},
  MRNUMBER = {2654085},
MRREVIEWER = {Ronald Solomon},
       DOI = {10.4171/JEMS/220},
       URL = {https://doi.org/10.4171/JEMS/220},
}

@article {MR40298,
    AUTHOR = {Ore, Oystein},
     TITLE = {Some remarks on commutators},
   JOURNAL = {Proc. Amer. Math. Soc.},
  FJOURNAL = {Proceedings of the American Mathematical Society},
    VOLUME = {2},
      YEAR = {1951},
     PAGES = {307--314},
      ISSN = {0002-9939},
   MRCLASS = {20.0X},
  MRNUMBER = {40298},
MRREVIEWER = {G. Higman},
       DOI = {10.2307/2032506},
       URL = {https://doi.org/10.2307/2032506},
}

@article {MR2228209,
    AUTHOR = {Guralnick, Robert M. and Robinson, Geoffrey R.},
     TITLE = {On the commuting probability in finite groups},
   JOURNAL = {J. Algebra},
  FJOURNAL = {Journal of Algebra},
    VOLUME = {300},
      YEAR = {2006},
    NUMBER = {2},
     PAGES = {509--528},
      ISSN = {0021-8693},
   MRCLASS = {60C05 (20P05 60B15)},
  MRNUMBER = {2228209},
MRREVIEWER = {Martin V. Hildebrand},
       DOI = {10.1016/j.jalgebra.2005.09.044},
       URL = {https://doi.org/10.1016/j.jalgebra.2005.09.044},
}

@article {MR369512,
    AUTHOR = {Thompson, John G.},
     TITLE = {Nonsolvable finite groups all of whose local subgroups are
              solvable. {IV}, {V}, {VI}},
   JOURNAL = {Pacific J. Math.},
  FJOURNAL = {Pacific Journal of Mathematics},
    VOLUME = {48},
      YEAR = {1973},
     PAGES = {},
      ISSN = {0030-8730},
   MRCLASS = {20D05},
  MRNUMBER = {369512},
MRREVIEWER = {I. D. Macdonald},
       URL = {http://projecteuclid.org/euclid.pjm/1102945433},
}
		
@article {MR313378,
    AUTHOR = {Thompson, John G.},
     TITLE = {Nonsolvable finite groups all of whose local subgroups are
              solvable. {III}},
   JOURNAL = {Pacific J. Math.},
  FJOURNAL = {Pacific Journal of Mathematics},
    VOLUME = {39},
      YEAR = {1971},
     PAGES = {483--534},
      ISSN = {0030-8730},
   MRCLASS = {20D05},
  MRNUMBER = {313378},
MRREVIEWER = {D. K. Friesen},
       URL = {http://projecteuclid.org/euclid.pjm/1102969573},
}
		
@article {MR276325,
    AUTHOR = {Thompson, John G.},
     TITLE = {Nonsolvable finite groups all of whose local subgroups are
              solvable. {II}},
   JOURNAL = {Pacific J. Math.},
  FJOURNAL = {Pacific Journal of Mathematics},
    VOLUME = {33},
      YEAR = {1970},
     PAGES = {451--536},
      ISSN = {0030-8730},
   MRCLASS = {20.29},
  MRNUMBER = {276325},
MRREVIEWER = {D. K. Friesen},
       URL = {http://projecteuclid.org/euclid.pjm/1102976977},
}

@article {MR3827208,
    AUTHOR = {Guralnick, Robert M. and Liebeck, Martin W. and O'Brien, E. A.
              and Shalev, Aner and Tiep, Pham Huu},
     TITLE = {Surjective word maps and {B}urnside's {$p^aq^b$} theorem},
   JOURNAL = {Invent. Math.},
  FJOURNAL = {Inventiones Mathematicae},
    VOLUME = {213},
      YEAR = {2018},
    NUMBER = {2},
     PAGES = {589--695},
      ISSN = {0020-9910},
   MRCLASS = {20F10 (20D05 20D06)},
  MRNUMBER = {3827208},
MRREVIEWER = {Alexander Hermann Bors},
       DOI = {10.1007/s00222-018-0795-z},
       URL = {https://doi.org/10.1007/s00222-018-0795-z},
}
		
@article {MR230809,
    AUTHOR = {Thompson, John G.},
     TITLE = {Nonsolvable finite groups all of whose local subgroups are
              solvable},
   JOURNAL = {Bull. Amer. Math. Soc.},
  FJOURNAL = {Bulletin of the American Mathematical Society},
    VOLUME = {74},
      YEAR = {1968},
     PAGES = {383--437},
      ISSN = {0002-9904},
   MRCLASS = {20.25},
  MRNUMBER = {230809},
MRREVIEWER = {D. Gorenstein},
       DOI = {10.1090/S0002-9904-1968-11953-6},
       URL = {https://doi.org/10.1090/S0002-9904-1968-11953-6},
}

@article {MR1346207,
    AUTHOR = {Flavell, Paul},
     TITLE = {Finite groups in which every two elements generate a soluble
              subgroup},
   JOURNAL = {Invent. Math.},
  FJOURNAL = {Inventiones Mathematicae},
    VOLUME = {121},
      YEAR = {1995},
    NUMBER = {2},
     PAGES = {279--285},
      ISSN = {0020-9910},
   MRCLASS = {20D10 (20D05 20D08)},
  MRNUMBER = {1346207},
MRREVIEWER = {Peter Fleischmann},
       DOI = {10.1007/BF01884299},
       URL = {https://doi.org/10.1007/BF01884299},
}
@article {MR1770615,
    AUTHOR = {Guralnick, R. M. and Wilson, J. S.},
     TITLE = {The probability of generating a finite soluble group},
   JOURNAL = {Proc. London Math. Soc. (3)},
  FJOURNAL = {Proceedings of the London Mathematical Society. Third Series},
    VOLUME = {81},
      YEAR = {2000},
    NUMBER = {2},
     PAGES = {405--427},
      ISSN = {0024-6115},
   MRCLASS = {20P05 (20D10 60C05)},
  MRNUMBER = {1770615},
       DOI = {10.1112/S0024611500012569},
       URL = {https://doi.org/10.1112/S0024611500012569},
}

@article {MR1935849,
    AUTHOR = {Isaacs, I. M. and Navarro, Gabriel},
     TITLE = {New refinements of the {M}c{K}ay conjecture for arbitrary
              finite groups},
   JOURNAL = {Ann. of Math. (2)},
  FJOURNAL = {Annals of Mathematics. Second Series},
    VOLUME = {156},
      YEAR = {2002},
    NUMBER = {1},
     PAGES = {333--344},
      ISSN = {0003-486X},
   MRCLASS = {20C15},
  MRNUMBER = {1935849},
MRREVIEWER = {J. L. Alperin},
       DOI = {10.2307/3597192},
       URL = {https://doi.org/10.2307/3597192},
}

@article {MR332945,
    AUTHOR = {Isaacs, I. M.},
     TITLE = {Characters of solvable and symplectic groups},
   JOURNAL = {Amer. J. Math.},
  FJOURNAL = {American Journal of Mathematics},
    VOLUME = {95},
      YEAR = {1973},
     PAGES = {594--635},
      ISSN = {0002-9327},
   MRCLASS = {20C15},
  MRNUMBER = {332945},
MRREVIEWER = {B. Fein},
       DOI = {10.2307/2373731},
       URL = {https://doi.org/10.2307/2373731},
}

@inproceedings {MR0404417,
    AUTHOR = {Alperin, J. L.},
     TITLE = {The main problem of block theory},
 BOOKTITLE = {Proceedings of the {C}onference on {F}inite {G}roups ({U}niv.
              {U}tah, {P}ark {C}ity, {U}tah, 1975)},
     PAGES = {341--356},
      YEAR = {1976},
   MRCLASS = {20C20},
  MRNUMBER = {0404417},
MRREVIEWER = {W. Feit},
}

@article {MR2336079,
    AUTHOR = {Isaacs, I. M. and Malle, Gunter and Navarro, Gabriel},
     TITLE = {A reduction theorem for the {M}c{K}ay conjecture},
   JOURNAL = {Invent. Math.},
  FJOURNAL = {Inventiones Mathematicae},
    VOLUME = {170},
      YEAR = {2007},
    NUMBER = {1},
     PAGES = {33--101},
      ISSN = {0020-9910},
   MRCLASS = {20C20 (20C33 20C34)},
  MRNUMBER = {2336079},
MRREVIEWER = {Charles W. Eaton},
       DOI = {10.1007/s00222-007-0057-y},
       URL = {https://doi.org/10.1007/s00222-007-0057-y},
}

@article {MR3549625,
    AUTHOR = {Malle, Gunter and Sp\"{a}th, Britta},
     TITLE = {Characters of odd degree},
   JOURNAL = {Ann. of Math. (2)},
  FJOURNAL = {Annals of Mathematics. Second Series},
    VOLUME = {184},
      YEAR = {2016},
    NUMBER = {3},
     PAGES = {869--908},
      ISSN = {0003-486X},
   MRCLASS = {20C15 (20C33 20G40)},
  MRNUMBER = {3549625},
MRREVIEWER = {Bhama Srinivasan},
       DOI = {10.4007/annals.2016.184.3.6},
       URL = {https://doi.org/10.4007/annals.2016.184.3.6},
}


@article {MR2164558,
    AUTHOR = {Deakonesku, M. and Uolls, G. L.},
     TITLE = {On the orbits of automorphism groups},
   JOURNAL = {Sibirsk. Mat. Zh.},
  FJOURNAL = {Rossi\u\i skaya Akademiya Nauk. Sibirskoe Otdelenie. Institut
              Matematiki im. S. L. Soboleva. Sibirski\u\i \ Matematicheski\u\i \
              Zhurnal},
    VOLUME = {46},
      YEAR = {2005},
    NUMBER = {3},
     PAGES = {533--537},
      ISSN = {0037-4474},
   MRCLASS = {20D45 (20F28)},
  MRNUMBER = {2164558},
MRREVIEWER = {Czes\AA aw Bagi\AA ski},
       DOI = {10.1007/s11202-005-0044-8},
       URL = {http://dx.doi.org/10.1007/s11202-005-0044-8},
}

@article {MR2922681,
    AUTHOR = {Isaacs, I. M.},
     TITLE = {Group actions and orbits},
   JOURNAL = {Arch. Math. (Basel)},
  FJOURNAL = {Archiv der Mathematik},
    VOLUME = {98},
      YEAR = {2012},
    NUMBER = {5},
     PAGES = {399--401},
      ISSN = {0003-889X},
   MRCLASS = {20F28 (20D60)},
  MRNUMBER = {2922681},
MRREVIEWER = {Alexander Moret\~A${}^3$},
       DOI = {10.1007/s00013-012-0364-4},
       URL = {http://dx.doi.org/10.1007/s00013-012-0364-4},
}

@book {MR3791517,
    AUTHOR = {Isaacs, I. Martin},
     TITLE = {Characters of solvable groups},
    SERIES = {Graduate Studies in Mathematics},
    VOLUME = {189},
 PUBLISHER = {American Mathematical Society, Providence, RI},
      YEAR = {2018},
     PAGES = {xi+368},
      ISBN = {978-1-4704-3485-4},
   MRCLASS = {20-02 (20C15 20C20 20D10 20D15 20D35 20F14 20F16)},
  MRNUMBER = {3791517},
MRREVIEWER = {Gerhard Hiss},
       DOI = {10.1090/gsm/189},
       URL = {https://doi.org/10.1090/gsm/189},
}

@article {MR636194,
    AUTHOR = {Fein, Burton and Kantor, William M. and Schacher, Murray},
     TITLE = {Relative {B}rauer groups. {II}},
   JOURNAL = {J. Reine Angew. Math.},
  FJOURNAL = {Journal f\"{u}r die Reine und Angewandte Mathematik. [Crelle's
              Journal]},
    VOLUME = {328},
      YEAR = {1981},
     PAGES = {39--57},
      ISSN = {0075-4102},
   MRCLASS = {12A60 (12G05 16A18 16A40)},
  MRNUMBER = {636194},
MRREVIEWER = {F. DeMeyer},
       DOI = {10.1515/crll.1981.328.39},
       URL = {https://doi.org/10.1515/crll.1981.328.39},
}

@article {MR1484879,
    AUTHOR = {Guralnick, Robert and Wan, Daqing},
     TITLE = {Bounds for fixed point free elements in a transitive group and
              applications to curves over finite fields},
   JOURNAL = {Israel J. Math.},
  FJOURNAL = {Israel Journal of Mathematics},
    VOLUME = {101},
      YEAR = {1997},
     PAGES = {255--287},
      ISSN = {0021-2172},
   MRCLASS = {12E10 (20B05 20B20)},
  MRNUMBER = {1484879},
MRREVIEWER = {Helmut V\"{o}lklein},
       DOI = {10.1007/BF02760932},
       URL = {https://doi.org/10.1007/BF02760932},
}

@incollection {MR3111271,
    AUTHOR = {Gonthier, Georges and Asperti, Andrea and Avigad, Jeremy and
              et al.},
     TITLE = {A machine-checked proof of the odd order theorem},
 BOOKTITLE = {Interactive theorem proving},
    SERIES = {Lecture Notes in Comput. Sci.},
    VOLUME = {7998},
     PAGES = {163--179},
 PUBLISHER = {Springer, Heidelberg},
      YEAR = {2013},
   MRCLASS = {Expansion},
  MRNUMBER = {3111271},
       DOI = {10.1007/978-3-642-39634-2\_14},
       URL = {https://doi.org/10.1007/978-3-642-39634-2_14},
}

@book {MR2426855,
    AUTHOR = {Isaacs, I. Martin},
     TITLE = {Finite group theory},
    SERIES = {Graduate Studies in Mathematics},
    VOLUME = {92},
 PUBLISHER = {American Mathematical Society, Providence, RI},
      YEAR = {2008},
     PAGES = {xii+350},
      ISBN = {978-0-8218-4344-4},
   MRCLASS = {20Dxx (20-01)},
  MRNUMBER = {2426855},
MRREVIEWER = {Ronald Solomon},
       DOI = {10.1090/gsm/092},
       URL = {https://doi.org/10.1090/gsm/092},
}


@article {MR166261,
    AUTHOR = {Feit, Walter and Thompson, John G.},
     TITLE = {Solvability of groups of odd order},
   JOURNAL = {Pacific J. Math.},
  FJOURNAL = {Pacific Journal of Mathematics},
    VOLUME = {13},
      YEAR = {1963},
     PAGES = {775--1029},
      ISSN = {0030-8730},
   MRCLASS = {20.40 (20.25)},
  MRNUMBER = {166261},
MRREVIEWER = {M. Suzuki},
       URL = {http://projecteuclid.org/euclid.pjm/1103053943},
}

@article {MR297686,
    AUTHOR = {Stephens, N. M.},
     TITLE = {On the {F}eit-{T}hompson conjecture},
   JOURNAL = {Math. Comp.},
  FJOURNAL = {Mathematics of Computation},
    VOLUME = {25},
      YEAR = {1971},
     PAGES = {625},
      ISSN = {0025-5718},
   MRCLASS = {10A10},
  MRNUMBER = {297686},
MRREVIEWER = {J. B. Kelly},
       DOI = {10.2307/2005226},
       URL = {https://doi.org/10.2307/2005226},
}

@book {MR1211633,
    AUTHOR = {Amberg, Bernhard and Franciosi, Silvana and de Giovanni,
              Francesco},
     TITLE = {Products of groups},
    SERIES = {Oxford Mathematical Monographs},
      NOTE = {Oxford Science Publications},
 PUBLISHER = {The Clarendon Press, Oxford University Press, New York},
      YEAR = {1992},
     PAGES = {xii+220},
      ISBN = {0-19-853575-9},
   MRCLASS = {20-02 (20D40 20E15 20F16 20F19)},
  MRNUMBER = {1211633},
MRREVIEWER = {John S. Wilson},
}

@book {MR0450380,
    AUTHOR = {Serre, Jean-Pierre},
     TITLE = {Linear representations of finite groups},
      NOTE = {Translated from the second French edition by Leonard L. Scott,
              Graduate Texts in Mathematics, Vol. 42},
 PUBLISHER = {Springer-Verlag, New York-Heidelberg},
      YEAR = {1977},
     PAGES = {x+170},
      ISBN = {0-387-90190-6},
   MRCLASS = {20CXX},
  MRNUMBER = {0450380},
MRREVIEWER = {W. Feit},
}

@incollection {MR3821142,
    AUTHOR = {Liebeck, Martin W.},
     TITLE = {Applications of character theory of finite simple groups},
 BOOKTITLE = {Local representation theory and simple groups},
    SERIES = {EMS Ser. Lect. Math.},
     PAGES = {323--352},
 PUBLISHER = {Eur. Math. Soc., Z\"{u}rich},
      YEAR = {2018},
   MRCLASS = {20G40 (20C30 20F65)},
  MRNUMBER = {3821142},
MRREVIEWER = {Andreas B\"{a}chle},
}
	
@article {MR1997347,
    AUTHOR = {Serre, Jean-Pierre},
     TITLE = {On a theorem of {J}ordan},
   JOURNAL = {Bull. Amer. Math. Soc. (N.S.)},
  FJOURNAL = {American Mathematical Society. Bulletin. New Series},
    VOLUME = {40},
      YEAR = {2003},
    NUMBER = {4},
     PAGES = {429--440},
      ISSN = {0273-0979},
   MRCLASS = {11F32 (11F11 11F80)},
  MRNUMBER = {1997347},
MRREVIEWER = {Teresa Crespo},
       DOI = {10.1090/S0273-0979-03-00992-3},
       URL = {https://doi.org/10.1090/S0273-0979-03-00992-3},
}
@article {MR1847590,
    AUTHOR = {Hertweck, Martin},
     TITLE = {A counterexample to the isomorphism problem for integral group
              rings},
   JOURNAL = {Ann. of Math. (2)},
  FJOURNAL = {Annals of Mathematics. Second Series},
    VOLUME = {154},
      YEAR = {2001},
    NUMBER = {1},
     PAGES = {115--138},
      ISSN = {0003-486X},
   MRCLASS = {20C05 (16S34 16U60 20C10)},
  MRNUMBER = {1847590},
MRREVIEWER = {Donald S. Passman},
       DOI = {10.2307/3062112},
       URL = {https://doi.org/10.2307/3062112},
}

@article {MR2900154,
    AUTHOR = {Le, Maohua},
     TITLE = {A divisibility problem concerning group theory},
   JOURNAL = {Pure Appl. Math. Q.},
  FJOURNAL = {Pure and Applied Mathematics Quarterly},
    VOLUME = {8},
      YEAR = {2012},
    NUMBER = {3},
     PAGES = {689--691},
      ISSN = {1558-8599,1558-8602},
   MRCLASS = {11A05 (20D10)},
  MRNUMBER = {2900154},
MRREVIEWER = {Samuel\ S.\ Wagstaff, Jr.},
       DOI = {10.4310/PAMQ.2012.v8.n3.a5},
       URL = {https://doi.org/10.4310/PAMQ.2012.v8.n3.a5},
}

@article {MR1888796,
    AUTHOR = {Krammer, Daan},
     TITLE = {Braid groups are linear},
   JOURNAL = {Ann. of Math. (2)},
  FJOURNAL = {Annals of Mathematics. Second Series},
    VOLUME = {155},
      YEAR = {2002},
    NUMBER = {1},
     PAGES = {131--156},
      ISSN = {0003-486X},
   MRCLASS = {20F36 (57M07)},
  MRNUMBER = {1888796},
MRREVIEWER = {Luis Paris},
       DOI = {10.2307/3062152},
       URL = {https://doi.org/10.2307/3062152},
}

@article {MR1084707,
    AUTHOR = {Bergman, George M.},
     TITLE = {Right orderable groups that are not locally indicable},
   JOURNAL = {Pacific J. Math.},
  FJOURNAL = {Pacific Journal of Mathematics},
    VOLUME = {147},
      YEAR = {1991},
    NUMBER = {2},
     PAGES = {243--248},
      ISSN = {0030-8730},
   MRCLASS = {20F60 (06F15)},
  MRNUMBER = {1084707},
MRREVIEWER = {A. H. Rhemtulla},
       URL = {http://projecteuclid.org/euclid.pjm/1102644908},
}

@article {MR3548136,
    AUTHOR = {Kionke, Steffen and Raimbault, Jean},
     TITLE = {On geometric aspects of diffuse groups},
      NOTE = {With an appendix by Nathan Dunfield},
   JOURNAL = {Doc. Math.},
  FJOURNAL = {Documenta Mathematica},
    VOLUME = {21},
      YEAR = {2016},
     PAGES = {873--915},
      ISSN = {1431-0635},
   MRCLASS = {20F65 (20-04 20H15 22E40 57M07)},
  MRNUMBER = {3548136},
MRREVIEWER = {Nansen Petrosyan},
}

@article {MR1815219,
    AUTHOR = {Bigelow, Stephen J.},
     TITLE = {Braid groups are linear},
   JOURNAL = {J. Amer. Math. Soc.},
  FJOURNAL = {Journal of the American Mathematical Society},
    VOLUME = {14},
      YEAR = {2001},
    NUMBER = {2},
     PAGES = {471--486},
      ISSN = {0894-0347},
   MRCLASS = {20F36 (57M07)},
  MRNUMBER = {1815219},
MRREVIEWER = {Darryl McCullough},
       DOI = {10.1090/S0894-0347-00-00361-1},
       URL = {https://doi.org/10.1090/S0894-0347-00-00361-1},
}

		
@article {MR1804157,
    AUTHOR = {Krammer, Daan},
     TITLE = {The braid group {$B_4$} is linear},
   JOURNAL = {Invent. Math.},
  FJOURNAL = {Inventiones Mathematicae},
    VOLUME = {142},
      YEAR = {2000},
    NUMBER = {3},
     PAGES = {451--486},
      ISSN = {0020-9910},
   MRCLASS = {20F36 (57M07)},
  MRNUMBER = {1804157},
MRREVIEWER = {E. Formanek},
       DOI = {10.1007/s002220000088},
       URL = {https://doi.org/10.1007/s002220000088},
}

@article {MR240183,
    AUTHOR = {Lagrange, R. H. and Rhemtulla, A. H.},
     TITLE = {A remark on the group rings of order preserving permutation
              groups},
   JOURNAL = {Canad. Math. Bull.},
  FJOURNAL = {Canadian Mathematical Bulletin. Bulletin Canadien de
              Math\'{e}matiques},
    VOLUME = {11},
      YEAR = {1968},
     PAGES = {679--680},
      ISSN = {0008-4395},
   MRCLASS = {20.20},
  MRNUMBER = {240183},
MRREVIEWER = {Bhama Srinivasan},
       DOI = {10.4153/CMB-1968-081-9},
       URL = {https://doi.org/10.4153/CMB-1968-081-9},
}

@book {MR2435235,
    AUTHOR = {Kassel, Christian and Turaev, Vladimir},
     TITLE = {Braid groups},
    SERIES = {Graduate Texts in Mathematics},
    VOLUME = {247},
      NOTE = {With the graphical assistance of Olivier Dodane},
 PUBLISHER = {Springer, New York},
      YEAR = {2008},
     PAGES = {xii+340},
      ISBN = {978-0-387-33841-5},
   MRCLASS = {20F36 (20C08 20F10 20F60 20M05 55R80 57M25 57M50)},
  MRNUMBER = {2435235},
MRREVIEWER = {Stephen P. Humphries},
       DOI = {10.1007/978-0-387-68548-9},
       URL = {https://doi.org/10.1007/978-0-387-68548-9},
}

@book {MR3560661,
    AUTHOR = {Clay, Adam and Rolfsen, Dale},
     TITLE = {Ordered groups and topology},
    SERIES = {Graduate Studies in Mathematics},
    VOLUME = {176},
 PUBLISHER = {American Mathematical Society, Providence, RI},
      YEAR = {2016},
     PAGES = {x+154},
      ISBN = {978-1-4704-3106-8},
   MRCLASS = {57-02 (20F34 20F36 20F60 57M07 57M50)},
  MRNUMBER = {3560661},
MRREVIEWER = {Sebastian Wolfgang Hensel},
       DOI = {10.1090/gsm/176},
       URL = {https://doi.org/10.1090/gsm/176},
}

@book {MR798076,
    AUTHOR = {Passman, Donald S.},
     TITLE = {The algebraic structure of group rings},
      NOTE = {Reprint of the 1977 original},
 PUBLISHER = {Robert E. Krieger Publishing Co., Inc., Melbourne, FL},
      YEAR = {1985},
     PAGES = {xiv+734},
      ISBN = {0-89874-789-9},
   MRCLASS = {16-02 (16A26 16A27)},
  MRNUMBER = {798076},
}

@book {MR1125071,
    AUTHOR = {Lam, T. Y.},
     TITLE = {A first course in noncommutative rings},
    SERIES = {Graduate Texts in Mathematics},
    VOLUME = {131},
 PUBLISHER = {Springer-Verlag, New York},
      YEAR = {1991},
     PAGES = {xvi+397},
      ISBN = {0-387-97523-3},
   MRCLASS = {16-01},
  MRNUMBER = {1125071},
MRREVIEWER = {Gerald J. Janusz},
       DOI = {10.1007/978-1-4684-0406-7},
       URL = {https://doi.org/10.1007/978-1-4684-0406-7},
}

@manual{GAP4,
    key          = "GAP",
    organization = "The GAP~Group",
    title        = "{GAP -- Groups, Algorithms, and Programming,
                    Version 4.11.1}",
    year         = 2021,
    url          = "\url{https://www.gap-system.org}",
    }

@article {MR4334981,
    AUTHOR = {Gardam, Giles},
     TITLE = {A counterexample to the unit conjecture for group rings},
   JOURNAL = {Ann. of Math. (2)},
  FJOURNAL = {Annals of Mathematics. Second Series},
    VOLUME = {194},
      YEAR = {2021},
    NUMBER = {3},
     PAGES = {967--979},
      ISSN = {0003-486X},
   MRCLASS = {20C07},
  MRNUMBER = {4334981},
       DOI = {10.4007/annals.2021.194.3.9},
       URL = {https://doi.org/10.4007/annals.2021.194.3.9},
}

@book {MR3469786,
    AUTHOR = {Serre, Jean-Pierre},
     TITLE = {Finite groups: an introduction},
    SERIES = {Surveys of Modern Mathematics},
    VOLUME = {10},
      NOTE = {With assistance in translation provided by Garving K. Luli and
              Pin Yu},
 PUBLISHER = {International Press, Somerville, MA; Higher Education Press,
              Beijing},
      YEAR = {2016},
     PAGES = {xi+179},
      ISBN = {978-1-57146-320-3; 978-1-57146-327-2},
   MRCLASS = {20Dxx (20-01 20C15 20J06)},
  MRNUMBER = {3469786},
MRREVIEWER = {Josu Sangroniz},
}


@article {MR4373245,
    AUTHOR = {Garc\'{\i}a-Lucas, Diego and Margolis, Leo and del R\'{\i}o, \'{A}ngel},
     TITLE = {Non-isomorphic 2-groups with isomorphic modular group
              algebras},
   JOURNAL = {J. Reine Angew. Math.},
  FJOURNAL = {Journal f\"{u}r die Reine und Angewandte Mathematik. [Crelle's
              Journal]},
    VOLUME = {783},
      YEAR = {2022},
     PAGES = {269--274},
      ISSN = {0075-4102},
   MRCLASS = {Prelim},
  MRNUMBER = {4373245},
       DOI = {10.1515/crelle-2021-0074},
       URL = {https://doi.org/10.1515/crelle-2021-0074},
}

@book {MR2015465,
    AUTHOR = {Gardner, B. J. and Wiegandt, R.},
     TITLE = {Radical theory of rings},
    SERIES = {Monographs and Textbooks in Pure and Applied Mathematics},
    VOLUME = {261},
 PUBLISHER = {Marcel Dekker, Inc., New York},
      YEAR = {2004},
     PAGES = {xii+387},
      ISBN = {0-8247-5033-0},
   MRCLASS = {16N80 (17A65)},
  MRNUMBER = {2015465},
MRREVIEWER = {Edmund R. Puczy\l owski},
}